@book{Sears,
  title={Física universitaria},
  author={Sears, Francis Weston and Zemansky, Mark Waldo},
  year={2009},
  publisher={Pearson Educación}
}
@book{Serway,
    author = {Serway, Raymond A and Jewett, John W.},
    title = {Física para ciencias e ingeniería},
    publisher = {Cengage Learning},
    year = {2008}
}